% This file was created with JabRef 2.11b2.
% Encoding: UTF8
@Article{miningstatus,
author = {Fan, Wei and Bifet, Albert},
title = {Mining Big Data: Current Status, and Forecast to the Future},
journal = {SIGKDD Explorations},
year = {2012},
OPTkey = {•},
OPTvolume = {14},
OPTnumber = {•},
OPTpages = {•},
OPTmonth = {December},
OPTnote = {•},
OPTannote = {•}
}

@Article{usingapachestorm,
author = {Surshanov, S.},
title = {Using Apache Storm},
journal = {Computer Modeling and New Technologies},
year = {2015},
OPTkey = {•},
OPTvolume = {19},
OPTnumber = {3B},
OPTpages = {14-17},
OPTmonth = {•},
OPTnote = {•},
OPTannote = {•}
}

@Article{stormperspective,
author = {Soomro, Tariq Rahim and Iqbal, Muhammad Hussain},
title = {Big Data Analysis: Apache Storm Perspective},
journal = {Internatinoal Journal of Computer Trends and Technology (IJCTT)},
year = {2015},
OPTkey = {•},
OPTvolume = {19},
OPTnumber = {1},
OPTpages = {•},
OPTmonth = {Jan},
OPTnote = {•},
OPTannote = {•}
}

@InProceedings{lambdastorm,
author = {Batyuk, Anastoliy and Voityshyn, Volodymyr},
title = {Apache Storm Based on Topology for Real-Time Processing of Streaming Data from Social Networks},
booktitle = {IEEE First International Conference on Data Stream Mining and Processing},
OPTcrossref = {•},
OPTkey = {•},
OPTpages = {•},
OPTyear = {2016},
OPTeditor = {•},
OPTvolume = {•},
OPTnumber = {•},
OPTseries = {•},
OPTaddress = {Lviv, Ukraine},
OPTmonth = {August},
OPTorganization = {•},
OPTpublisher = {•},
OPTnote = {•},
OPTannote = {•}
}

@InProceedings{stormtwitter,
author = {Toshniwal, Ankit and Taneja, Siddarth and Shukhla, Amit and Ramasamy, Karthik and Patel, Jignesh M. and Kulkarni, Sanjeev and Jackson, Jason and Gade, Krishna and Fu, Maosong and Donham, Jake and Bhagat, Nikunj and Mittal, Sailesh and Ryaboy, Dmitriy},
title = {Storm @ Twitter},
booktitle = {SIGMOD},
year={2014},
OPTcrossref = {•},
OPTkey = {•},
OPTpages = {•},
OPTyear = {2014},
OPTeditor = {•},
OPTvolume = {•},
OPTnumber = {•},
OPTseries = {•},
OPTaddress = {Snowbird, Utah, USA},
OPTmonth = {June},
OPTorganization = {•},
OPTpublisher = {•},
OPTnote = {•},
OPTannote = {•}
}








